% This work is licensed under the Creative Commons Attribution NonCommercial
% ShareAlike 4.0 International License. To view a copy of the license, visit
% https://creativecommons.org/licenses/by-nc-sa/4.0/

@techreport{ASCII,
  author      = "American National Standards Institute",
  title       = "{{American National Standards for Information Systems -- Coded Character Sets -- 7-Bit American National Standard Code for Information Interchange (7-Bit ASCII)}}",
  institution = "",
  number      = "X3.4",
  year        = "1986"
}

@misc{Megaprocessor,
  author = {James Newman},
  title = {{The Megaprocessor}},
  howpublished = "\url{https://www.megaprocessor.com/}",
  year = {2016}, 
}

@misc{MerciaRelay,
  author = {Jeroen Brinkman},
  title = {{MERCIA Relay Computer}},
  howpublished = "\url{https://www.relaiscomputer.nl/}",
  year = {2015}, 
}

@book{DigitalDesignAndComputerArchitecture,
  author = {Sarah Harris and David Harris},
  title = {{Digital Design and Computer Architecture, RISC-V Edition}},
  year = {2021},
  publisher = {Morgan Kaufmann},
  edition = {1st edition},
  isbn = {13: 978-0128200643},
  pages = {592},
}

@book{ComputerArchitecture,
  author = {Charles Fox},
  title = {{Computer Architecture}},
  year = {2024},
  publisher = {No Starch Press},
  isbn = {13: 978-1718502864},
  pages = {560},
}

%source url: https://www.microchip.com/en-us/product/ATSAM3X8E
@misc{SAM3X8E,
  author = {Atmel Corporation},
  title = {{SAM3X/3A Series Datasheet}},
  howpublished = "\url{https://ww1.microchip.com/downloads/en/DeviceDoc/Atmel-11057-32-bit-Cortex-M3-Microcontroller-SAM3X-SAM3A_Datasheet.pdf}",
  month = {March},
  year = {2015}, 
}

%source url: https://developer.arm.com/documentation/ddi0403/latest/
@misc{ARMv7,
  author = {Arm Limited},
  title = {{Armv7-M Architecture Reference Manual}},
  howpublished = "\url{https://documentation-service.arm.com/static/606dc36485368c4c2b1bf62f}",
  month = {February},
  year = {2021}, 
}

%source url: https://developer.arm.com/documentation/ddi0337/latest/
@misc{CortexM3RerefenceManual,
  author = {Arm Limited},
  title = {{Cortex-M3 Technical Reference Manual}},
  howpublished = "\url{https://documentation-service.arm.com/static/5e8e107f88295d1e18d34714}",
  month = {June},
  year = {2008}, 
}

@book{CortexM3DefinitiveGuide,
  author = {Joseph Yiu},
  title = {{The Definitive Guide To ARM Cortex-M3 and Cortex-M4 Processors}},
  year = {2014},
  publisher = {Newnes},
  edition = {3rd edition},
  isbn = {13: 978-0-12-408082-9},
  pages = {1055},
}

%source url: https://www.raio.com.tw/en/RA8875.html
@misc{RA8875,
  author = {RAiO Technology Inc.},
  title = {{RAiO RA8875 Character/Graphic TFT LCD Controller Specification}},
  howpublished = "\url{https://cdn-shop.adafruit.com/datasheets/RA8875_DS_V12_Eng.pdf}",
  month = {January},
  year = {2012}, 
}

%source url: https://www.raio.com.tw/en/RA8875.html
@misc{RA8875board,
  author = {Adafruit},
  title = {{RA8875 Touch Display Driver Board Schematic}},
  howpublished = "\url{https://learn.adafruit.com/ra8875-touch-display-driver-board/downloads}",
  month = {November},
  year = {2023}, 
}

%source url: https://www.chenghaolcd.com/sale-13610354-24-bit-rgb-7-inch-280cd-m2-round-lcd-display-12-o-clock-viewing-direction.html
@misc{TFTScreen,
  author = {Shenzhen ChengHao Optoelectronic},
  title = {{Specification, Product Model : CH700WV03A-T}},
  howpublished = "\url{https://cdn-shop.adafruit.com/product-files/2354/Datasheet+.pdf}",
  month = {November},
  year = {2016}, 
}

@misc{ArduinoDueFullPinout,
  author = {Arduino},
  title = {{Arduino Due Full Pinout}},
  howpublished = "\url{https://content.arduino.cc/assets/A000056-full-pinout.pdf}",
  month = {July},
  year = {2022}, 
}

%source url: https://store.arduino.cc/products/arduino-due
@misc{ArduinoDueSchematics,
  author = {Arturo Guadalupi},
  title = {{Arduino Due Schematics}},
  howpublished = "\url{https://content.arduino.cc/assets/ArduinoDUE_V02g_sch.pdf}",
  month = {February},
  year = {2021}, 
}

@book{ArduinoWorkshop,
  author={John Boxall},
  title={{Arduino Workshop, 2nd Edition: A Hands-on Introduction with 65 Projects}},
  isbn={9781718500594},
  year={2021},
  publisher={No Starch Press}
}

@book{EmbeddedSystemDesign,
  author={{\"U}nsalan, C. and G{\"u}rhan, H.D. and Y{\"u}cel, M.E.},
  title={{Embedded System Design with ARM Cortex-M Microcontrollers: Applications with C, C++ and MicroPython}},
  isbn={9783030884390},
  year={2022},
  publisher={Springer International Publishing}
}

@book{EmbeddedSystemsFundamentals,
  author={Dean, A.G.},
  title={{Embedded Systems Fundamentals with Arm Cortex-M Based Microcontrollers: A Practical Approach Nucleo-F091RC Edition}},
  isbn={9781911531265},
  year={2021},
  publisher={ARM Education Media}
}

@book{RustProgrammingLanguage,
  title={The Rust Programming Language, 2nd Edition},
  author={Klabnik, S. and Nichols, C.},
  isbn={9781718503106},
  year={2023},
  publisher={No Starch Press}
}

@book{CompilersPrinciples,
  author = {Aho, Alfred V. and Lam, Monica S. and Sethi, Ravi and Ullman, Jeffrey D.},
  title = {{Compilers: Principles, Techniques, and Tools (2nd Edition)}},
  year = {2006},
  isbn = {0321486811},
  publisher = {Addison-Wesley Longman Publishing Co., Inc.},
}

@book{EngineeringCompiler,
  author={Cooper, K.D. and Torczon, L.},
  title={{Engineering a Compiler}},
  isbn={9780128189269},
  year={2022},
  publisher={Elsevier Science}
}

@book{IntroductionToAlgorithms,
  author = {Cormen, Thomas H. and Leiserson, Charles E. and Rivest, Ronald L. and Stein, Clifford},
  title = {{Introduction to Algorithms, Third Edition}},
  year = {2009},
  isbn = {0262033844},
  publisher = {The MIT Press},
  edition = {3rd},
}

@book{Minix,
  author = {Tanenbaum, Andrew S and Woodhull, Albert S},
  title = {Operating Systems Design and Implementation (3rd Edition)},
  year = {2006},
  isbn = {0131429388},
  publisher = {Prentice-Hall, Inc.},
  address = {USA}
}

@book{ModernOSes,
  author = {Tanenbaum, Andrew S. and Bos, Herbert},
  title = {{Modern Operating Systems}},
  year = {2014},
  isbn = {013359162X},
  publisher = {Prentice Hall Press},
  address = {USA},
  edition = {4th},
}

@book{Oberon,
  author = {Wirth, Niklaus and Gutknecht, J\"{u}rg},
  title = {{Project Oberon: the design of an operating system and compiler}},
  year = {1992},
  isbn = {0201544288},
  publisher = {ACM Press/Addison-Wesley Publishing Co.},
  address = {USA}
}
